% =====================================
% FUENTES HISTÓRICAS DEL TITANIC
% =====================================

@book{lord1955night,
  title     = {A Night to Remember},
  author    = {Lord, Walter},
  year      = {1955},
  publisher = {Holt, Rinehart and Winston}
}

@article{frey2011noblesse,
  title     = {Noblesse oblige? Determinants of survival in a life-and-death situation},
  author    = {Frey, Bruno S. and Savage, David A. and Torgler, Benno},
  journal   = {Journal of Economic Behavior \& Organization},
  volume    = {81},
  number    = {1},
  pages     = {97--110},
  year      = {2011},
  publisher = {Elsevier},
  doi       = {10.1016/j.jebo.2011.01.018}
}

@article{gleicher2012women,
  title   = {Women and children first? Gender norms and survival in the Titanic disaster},
  author  = {Gleicher, Norman},
  journal = {Social Science History},
  volume  = {36},
  number  = {2},
  pages   = {167--194},
  year    = {2012},
  doi     = {10.1215/01455532-1549496}
}

@article{dawson1995women,
  title   = {The ``Women and Children First'' Rule: An Analysis of the Titanic Disaster},
  author  = {Dawson, Philip},
  journal = {International Review of Social History},
  volume  = {40},
  number  = {2},
  pages   = {271--293},
  year    = {1995}
}

@article{hall1986social,
  title   = {Social class and survival on the S.S. Titanic},
  author  = {Hall, John C.},
  journal = {Social Science History},
  volume  = {10},
  number  = {1},
  pages   = {145--162},
  year    = {1986}
}

@article{dewaal2012titanic,
  title   = {Titanic data revisited: Survival and social class},
  author  = {De Waal, Alex},
  journal = {Journal of Applied Statistics},
  volume  = {39},
  number  = {7},
  pages   = {1551--1560},
  year    = {2012}
}

@misc{woolley2025class,
  title        = {Class and Gender in Shaping the Memory of the Titanic Disaster since 1912},
  author       = {Woolley, James},
  year         = {2025},
  howpublished = {\url{https://www.encyclopedia-titanica.org}}
}

@misc{kaggleTitanic,
  title        = {Titanic: Machine Learning from Disaster},
  author       = {Kaggle},
  howpublished = {\url{https://www.kaggle.com/c/titanic}},
  note         = {Accessed 2025}
}

% =====================================
% INTERPRETABILIDAD EN MACHINE LEARNING
% =====================================

@inproceedings{lundberg2017shap,
  title     = {A Unified Approach to Interpreting Model Predictions},
  author    = {Lundberg, Scott M. and Lee, Su-In},
  booktitle = {Advances in Neural Information Processing Systems (NeurIPS)},
  volume    = {30},
  year      = {2017},
  pages     = {4765--4774}
}

@inproceedings{ribeiro2016lime,
  title     = {{``Why Should I Trust You?''} Explaining the Predictions of Any Classifier},
  author    = {Ribeiro, Marco Tulio and Singh, Sameer and Guestrin, Carlos},
  booktitle = {Proceedings of the 22nd ACM SIGKDD International Conference on Knowledge Discovery and Data Mining},
  year      = {2016},
  pages     = {1135--1144}
}

@inproceedings{caruana2015intelligible,
  title     = {Intelligible Models for Healthcare: Predicting Pneumonia Risk and Hospital 30-day Readmission},
  author    = {Caruana, Rich and Lou, Yin and Gehrke, Johannes and Koch, Paul and Sturm, Marc and Elhadad, Noemie},
  booktitle = {Proceedings of the 21st ACM SIGKDD International Conference on Knowledge Discovery and Data Mining},
  year      = {2015},
  pages     = {1721--1730}
}

@article{rudin2019interpretable,
  title   = {Stop explaining black box machine learning models for high stakes decisions and use interpretable models instead},
  author  = {Rudin, Cynthia},
  journal = {Nature Machine Intelligence},
  volume  = {1},
  number  = {5},
  pages   = {206--215},
  year    = {2019}
}

% =====================================
% FAIRNESS Y SESGO EN MACHINE LEARNING
% =====================================

@book{barocas2019fairness,
  title     = {Fairness and Machine Learning},
  author    = {Barocas, Solon and Hardt, Moritz and Narayanan, Arvind},
  year      = {2019},
  publisher = {Cambridge University Press}
}

@inproceedings{hardt2016equality,
  title     = {Equality of Opportunity in Supervised Learning},
  author    = {Hardt, Moritz and Price, Eric and Srebro, Nati},
  booktitle = {Advances in Neural Information Processing Systems (NeurIPS)},
  volume    = {29},
  year      = {2016},
  pages     = {3315--3323}
}

@inproceedings{kleinberg2017tradeoffs,
  title     = {Inherent Trade-Offs in the Fair Determination of Risk Scores},
  author    = {Kleinberg, Jon and Mullainathan, Sendhil and Raghavan, Manish},
  booktitle = {Proceedings of Innovations in Theoretical Computer Science (ITCS)},
  year      = {2017}
}

@article{chouldechova2017fair,
  title   = {Fair prediction with disparate impact: A study of bias in recidivism prediction instruments},
  author  = {Chouldechova, Alexandra},
  journal = {Big Data},
  volume  = {5},
  number  = {2},
  pages   = {153--163},
  year    = {2017}
}

@article{mehrabi2021survey,
  title   = {A survey on bias and fairness in machine learning},
  author  = {Mehrabi, Ninareh and Morstatter, Fred and Saxena, Nripsuta and Lerman, Kristina and Galstyan, Aram},
  journal = {ACM Computing Surveys (CSUR)},
  volume  = {54},
  number  = {6},
  pages   = {1--35},
  year    = {2021}
}

@inproceedings{dwork2012fairness,
  title     = {Fairness through awareness},
  author    = {Dwork, Cynthia and Hardt, Moritz and Pitassi, Toniann and Reingold, Omer and Zemel, Richard},
  booktitle = {Proceedings of the 3rd Innovations in Theoretical Computer Science Conference (ITCS)},
  pages     = {214--226},
  year      = {2012}
}

@inproceedings{binns2018fairness,
  title     = {Fairness in machine learning: Lessons from political philosophy},
  author    = {Binns, Reuben},
  booktitle = {Proceedings of the 2018 Conference on Fairness, Accountability, and Transparency (FAT*)},
  pages     = {149--159},
  year      = {2018}
}

% =====================================
% ÉTICA EN INTELIGENCIA ARTIFICIAL
% =====================================

@article{floridi2019framework,
  title   = {A Unified Framework of Five Principles for AI in Society},
  author  = {Floridi, Luciano and Cowls, Josh},
  journal = {Harvard Data Science Review},
  volume  = {1},
  number  = {1},
  year    = {2019}
}

@inproceedings{mitchell2019modelcards,
  title     = {Model Cards for Model Reporting},
  author    = {Mitchell, Margaret and Wu, Simone and Zaldivar, Andrew and Barnes, Parker and Vasserman, Lucy and Hutchinson, Ben and Spitzer, Elena and Raji, Inioluwa Deborah and Gebru, Timnit},
  booktitle = {Proceedings of the Conference on Fairness, Accountability, and Transparency (FAT*)},
  year      = {2019},
  pages     = {220--229}
}

@article{jobin2019global,
  title   = {The global landscape of AI ethics guidelines},
  author  = {Jobin, Anna and Ienca, Marcello and Vayena, Effy},
  journal = {Nature Machine Intelligence},
  volume  = {1},
  number  = {9},
  pages   = {389--399},
  year    = {2019}
}

@misc{ec2019trustworthy,
  title        = {Ethics Guidelines for Trustworthy Artificial Intelligence},
  author       = {{European Commission, High-Level Expert Group on Artificial Intelligence}},
  year         = {2019},
  howpublished = {\url{https://digital-strategy.ec.europa.eu/en/library/ethics-guidelines-trustworthy-ai}}
}

@article{mittelstadt2016ethics,
  title   = {The ethics of algorithms: Mapping the debate},
  author  = {Mittelstadt, Brent D. and Allo, Patrick and Taddeo, Mariarosaria and Wachter, Sandra and Floridi, Luciano},
  journal = {Big Data \& Society},
  volume  = {3},
  number  = {2},
  pages   = {1--21},
  year    = {2016}
}

% =====================================
% CIENCIA DE DATOS Y METODOLOGÍA
% =====================================

@book{provost2013datascience,
  title     = {Data Science for Business: What You Need to Know about Data Mining and Data-Analytic Thinking},
  author    = {Provost, Foster and Fawcett, Tom},
  year      = {2013},
  publisher = {O'Reilly Media}
}

@book{kuhn2019feature,
  title     = {Feature Engineering and Selection: A Practical Approach for Predictive Models},
  author    = {Kuhn, Max and Johnson, Kjell},
  year      = {2019},
  publisher = {CRC Press}
}

